@article{Amato2017,
  doi = {10.1016/j.eswa.2016.10.055},
  url = {https://doi.org/10.1016/j.eswa.2016.10.055},
  year = {2017},
  month = apr,
  publisher = {Elsevier {BV}},
  volume = {72},
  pages = {327--334},
  author = {Giuseppe Amato and Fabio Carrara and Fabrizio Falchi and Claudio Gennaro and Carlo Meghini and Claudio Vairo},
  title = {Deep learning for decentralized parking lot occupancy detection},
  journal = {Expert Systems with Applications}
}

@article{deAlmeida2015,
  doi = {10.1016/j.eswa.2015.02.009},
  url = {https://doi.org/10.1016/j.eswa.2015.02.009},
  year = {2015},
  month = jul,
  publisher = {Elsevier {BV}},
  volume = {42},
  number = {11},
  pages = {4937--4949},
  author = {Paulo R.L. de Almeida and Luiz S. Oliveira and Alceu S. Britto and Eunelson J. Silva and Alessandro L. Koerich},
  title = {{PKLot} {\textendash} A robust dataset for parking lot classification},
  journal = {Expert Systems with Applications}
}

@article{Almeida2022,
  doi = {10.1016/j.eswa.2022.116731},
  url = {https://doi.org/10.1016/j.eswa.2022.116731},
  year = {2022},
  month = jul,
  publisher = {Elsevier {BV}},
  volume = {198},
  pages = {116731},
  author = {Paulo Ricardo Lisboa de Almeida and Jeovane Hon{\'{o}}rio Alves and Rafael Stubs Parpinelli and Jean Paul Barddal},
  title = {A systematic review on computer vision-based parking lot management applied on public datasets},
  journal = {Expert Systems with Applications}
}

@misc{He2017,
  doi = {10.48550/ARXIV.1703.06870},
  url = {https://arxiv.org/abs/1703.06870},
  author = {He,  Kaiming and Gkioxari,  Georgia and Doll√°r,  Piotr and Girshick,  Ross},
  keywords = {Computer Vision and Pattern Recognition (cs.CV),  FOS: Computer and information sciences,  FOS: Computer and information sciences},
  title = {Mask R-CNN},
  publisher = {arXiv},
  year = {2017},
  copyright = {arXiv.org perpetual,  non-exclusive license}
}

@inproceedings{alexnet,
 author = {Krizhevsky, Alex and Sutskever, Ilya and Hinton, Geoffrey E},
 booktitle = {Advances in Neural Information Processing Systems},
 editor = {F. Pereira and C.J. Burges and L. Bottou and K.Q. Weinberger},
 pages = {},
 publisher = {Curran Associates, Inc.},
 title = {ImageNet Classification with Deep Convolutional Neural Networks},
 url = {https://proceedings.neurips.cc/paper/2012/file/c399862d3b9d6b76c8436e924a68c45b-Paper.pdf},
 volume = {25},
 year = {2012}
}

@article{deng2012mnist,
  title={The mnist database of handwritten digit images for machine learning research [best of the web]},
  author={Deng, Li},
  journal={IEEE signal processing magazine},
  volume={29},
  number={6},
  pages={141--142},
  year={2012},
  publisher={IEEE}
}

@article{ILSVRC15,
Author = {Olga Russakovsky and Jia Deng and Hao Su and Jonathan Krause and Sanjeev Satheesh and Sean Ma and Zhiheng Huang and Andrej Karpathy and Aditya Khosla and Michael Bernstein and Alexander C. Berg and Li Fei-Fei},
Title = {{ImageNet Large Scale Visual Recognition Challenge}},
Year = {2015},
journal   = {International Journal of Computer Vision (IJCV)},
doi = {10.1007/s11263-015-0816-y},
volume={115},
number={3},
pages={211-252}
}

@TECHREPORT{Krizhevsky09learningmultiple,
    author = {Alex Krizhevsky},
    title = {Learning multiple layers of features from tiny images},
    institution = {University of Toronto},
    year = {2009}
}

@inproceedings{CycleGAN2017,
  title={Unpaired Image-to-Image Translation using Cycle-Consistent Adversarial Networks},
  author={Zhu, Jun-Yan and Park, Taesung and Isola, Phillip and Efros, Alexei A},
  booktitle={Computer Vision (ICCV), 2017 IEEE International Conference on},
  year={2017}
}

@ARTICLE{lecun1998,
  author={Lecun, Y. and Bottou, L. and Bengio, Y. and Haffner, P.},
  journal={Proceedings of the IEEE},
  title={Gradient-based learning applied to document recognition},
  year={1998},
  volume={86},
  number={11},
  pages={2278-2324},
  doi={10.1109/5.726791}}

@incollection{pytorch,
title = {PyTorch: An Imperative Style, High-Performance Deep Learning Library},
author = {Paszke, Adam and Gross, Sam and Massa, Francisco and Lerer, Adam and Bradbury, James and Chanan, Gregory and Killeen, Trevor and Lin, Zeming and Gimelshein, Natalia and Antiga, Luca and Desmaison, Alban and Kopf, Andreas and Yang, Edward and DeVito, Zachary and Raison, Martin and Tejani, Alykhan and Chilamkurthy, Sasank and Steiner, Benoit and Fang, Lu and Bai, Junjie and Chintala, Soumith},
booktitle = {Advances in Neural Information Processing Systems 32},
editor = {H. Wallach and H. Larochelle and A. Beygelzimer and F. d\textquotesingle Alch\'{e}-Buc and E. Fox and R. Garnett},
pages = {8024--8035},
year = {2019},
publisher = {Curran Associates, Inc.},
url = {http://papers.neurips.cc/paper/9015-pytorch-an-imperative-style-high-performance-deep-learning-library.pdf}
}

@misc{zhang2018,
  doi = {10.48550/ARXIV.1802.00614},

  url = {https://arxiv.org/abs/1802.00614},

  author = {Zhang, Quanshi and Zhu, Song-Chun},

  keywords = {Computer Vision and Pattern Recognition (cs.CV), FOS: Computer and information sciences, FOS: Computer and information sciences},

  title = {Visual Interpretability for Deep Learning: a Survey},

  publisher = {arXiv},

  year = {2018},

  copyright = {arXiv.org perpetual, non-exclusive license}
}

@inproceedings{Chakraborty2017,
  doi = {10.1109/uic-atc.2017.8397411},
  url = {https://doi.org/10.1109/uic-atc.2017.8397411},
  year = {2017},
  month = aug,
  publisher = {{IEEE}},
  author = {Supriyo Chakraborty and Richard Tomsett and Ramya Raghavendra and Daniel Harborne and Moustafa Alzantot and Federico Cerutti and Mani Srivastava and Alun Preece and Simon Julier and Raghuveer M. Rao and Troy D. Kelley and Dave Braines and Murat Sensoy and Christopher J. Willis and Prudhvi Gurram},
  title = {Interpretability of deep learning models: A survey of results},
  booktitle = {2017 {IEEE} {SmartWorld},  Ubiquitous Intelligence and Computing,  Advanced and Trusted Computed,  Scalable Computing and Communications,  Cloud and Big Data Computing,  Internet of People and Smart City Innovation ({SmartWorld}/{SCALCOM}/{UIC}/{ATC}/{CBDCom}/{IOP}/{SCI})}
}